<record xmlns="http://www.loc.gov/MARC21/slim" xmlns:xsi="http://www.w3.org/2001/XMLSchema-instance" xsi:schemaLocation="http://www.loc.gov/MARC21/slim http://www.loc.gov/standards/marcxml/schema/MARC21slim.xsd"><leader>00643cz   2200157n  4500</leader><controlfield tag="001">oca03853897 </controlfield><controlfield tag="005">20001102071151.0</controlfield><controlfield tag="008">950607n| acannaabn          |a aaa     c</controlfield><datafield ind1=" " ind2=" " tag="010"><subfield code="a">nr 95021127 </subfield></datafield><datafield ind1=" " ind2=" " tag="040"><subfield code="a">NNC</subfield><subfield code="b">eng</subfield><subfield code="c">NNC</subfield><subfield code="d">OCoLC</subfield></datafield><datafield ind1="0" ind2=" " tag="100"><subfield code="a">Volumnius</subfield></datafield><datafield ind1="1" ind2=" " tag="400"><subfield code="a">Volumnius Eutrapelus, P.</subfield></datafield><datafield ind1="1" ind2=" " tag="400"><subfield code="a">Eutrapelus, P. Volumnius</subfield></datafield><datafield ind1=" " ind2=" " tag="670"><subfield code="a">His Carmen [CF] 1991:</subfield><subfield code="b">PHI CD ROM #5.3, Latin Canon, bibliographic screen (Volumnius)</subfield></datafield><datafield ind1=" " ind2=" " tag="670"><subfield code="a">Pauly-Wissowa:</subfield><subfield code="b">2. Reiche, 17. Halbbd., c. 874; "Volumnius", #1 (Volumnius; Latin poet, possibly 1st cent. A.D.; some authorities identify with P. Volumnius Eutrapelus)</subfield></datafield><datafield ind1=" " ind2=" " tag="675"><subfield code="a">NUC pre-56;</subfield><subfield code="a">Oxford class. dict.</subfield></datafield></record>